<record><leader>00490cam a22001695  45 0</leader><controlfield tag="001">6785947</controlfield><controlfield tag="008">150120n2015       a          000 0 eng d</controlfield><datafield ind1=" " ind2=" " tag="040"><subfield code="a">AOAC</subfield></datafield><datafield ind1=" " ind2=" " tag="090"><subfield code="a">AGN 1540 Reserve</subfield><subfield code="b">AOAC</subfield></datafield><datafield ind1="0" ind2="0" tag="245"><subfield code="a">AGN 1540 introductory pest management kit</subfield></datafield><datafield ind1=" " ind2=" " tag="260"><subfield code="a">Olds, AB</subfield></datafield><datafield ind1=" " ind2=" " tag="300"><subfield code="a">1 box</subfield></datafield><datafield ind1=" " ind2=" " tag="336"><subfield code="a">text</subfield></datafield><datafield ind1=" " ind2=" " tag="337"><subfield code="a">unmediated</subfield></datafield><datafield ind1=" " ind2=" " tag="338"><subfield code="a">volume</subfield></datafield><datafield ind1=" " ind2=" " tag="596"><subfield code="a">33</subfield></datafield><datafield ind1=" " ind2=" " tag="926"><subfield code="a">AGN 1540 Reserve</subfield><subfield code="w">LC</subfield><subfield code="c">1</subfield><subfield code="i">0164000905111</subfield><subfield code="d">4/6/2017</subfield><subfield code="e">4/6/2017</subfield><subfield code="k">CHECKEDOUT</subfield><subfield code="l">RESERVES</subfield><subfield code="m">OLDS</subfield><subfield code="n">68</subfield><subfield code="r">M</subfield><subfield code="s">Y</subfield><subfield code="t">LOCAL_LOAN</subfield><subfield code="u">1/20/2015</subfield></datafield></record>